@article{IEEEVLSIRobustSTL,
	author = "Hendrawan Soeleman and Kaushik Roy and Bipul C. Paul",
	title = "Robust Subthreshold Logic for Ultra-Low Power Operation",
	journal = "IEEE Transactions on Very Large Scale Integration (VSLI) Systems",
	volume = "9",
	number = "1",
	year = "2001",
	month = "February",
	notes = "http://ieeexplore.ieee.org/ielx5/92/19907/00920822.pdf?tp=&arnumber=920822&isnumber=19907"
}

@article{PHOENIX,
	author = "Mingoo Seok and Scott Hanson and Yu-Shiang Lin and Zhiyoong Foo",
	title = "Phoenix: an Ultra Low Power Processor for Cubic Millimeter Sensor Systems",
	journal = "DAC 2009",
	volume = "",
	number = "",
	year = "2009",
	month = "06",
	notes = "http://www.ee.columbia.edu/~mgseok/pdfs/phoenix_isscc_dac_design_contest.pdf"
}

@article{UltraComparative,
	author = "Aaron Arthurs and Justin Roark and Jia Di",
	title = "Ultra-Low Voltage Digital Circuit Design: A Comparative Study",
	journal = "",
	volume = "",
	number = "",
	year = "2012",
	month = "",
	notes = "06231717"
}

@article{CLKAdiabatic,
	author = "Dragan Maksimovic and Vojin G. Oklobdzija and Borivoje Nikolic and K. Wayne Current",
	title = "Clocked CMOS Adiabatic Logic with Integrated Single-Phase Power-Clock Supply",
	journal = "IEEE Transactions on Very Large Scale Integration (VLSI) Systems",
	volume = "8",
	number = "4",
	year = "2000",
	month = "August",
	notes = "00863629"
}

@article{ULPSubThresh,
	author = "Hendrawnan Soeleman and Kaushik Roy",
	title = "Ultra-Low Power Digital Subthreshold Logic Circuits",
	journal = "International Symposium on Low Power Electronics and Design",
	volume = "",
	number = "",
	year = "1999",
	month = "",
	notes = "00799418"
}

@conference{DynAdiabatic,
	author = "Alex G. Dickinson and John S. Denker",
	title = "Adiabatic Dynamic Logic",
	booktitle = "Custom Integrated Circuits Conference",
	year = "1994",
	publisher = "IEEE",
	pages = "282-285"
	notes = "http://idc.yonsei.ac.kr/course/lvlp/papers/Dickinson_95.pdf"
}

@conference{NextGenuPower,
	author = "Anantha P. Chandrakasan and Denis C. Daly and Joyce Kwong and Yogesh K. Ramadass",
	title = "Next Generation Micro-Power Systems",
	booktitle = "Symposium on VLSI Circuits Digest of Technical Papers",
	year = "2008",
	publisher = "IEEE",
	pages = "2-5",
	notes = "http://ieeexplore.ieee.org/stamp/stamp.jsp?tp=&arnumber=4585930"
}

@conference{DualRailControl,
	author = "Andrey Mokhov and Victor Khomenko and Danil Sokolov and Alex Yaolev",
	title = "On Dual-Rail Control Logic for Enhanced Circuit Robustness",
	booktitle = "International Conference on Application of Concurrency to System Design",
	number = "12",
	year = "2012",
	publisher = "Conference Publishing Services",
	pages = "112-121",
	notes = "http://ieeexplore.ieee.org/stamp/stamp.jsp?tp=&arnumber=6253462"
}

@article{DisruptiveULL,
	author = "Denis Flandre and Olivier Bulteel and Geoffroy Gosset and Bertrand Rue and David Bol",
	title = "Disruptive ultra-low-leakage design techniques for ultra-low-power mixed-signal microsystems",
	journal = "Faible Tension Faible Consommation",
	year = "2011",
	notes = "http://ieeexplore.ieee.org/stamp/stamp.jsp?tp=&arnumber=5948908"
}

@article{ExperimentalHybridVibration,
	author = "Song-mao Chen and Jun-hui Hu",
	title = "Experimental Study of a Hybrid Vibration Energy Harvesting Mechanism",
	journal = "IEEE",
	year = "2011",
	notes = "http://ieeexplore.ieee.org/stamp/stamp.jsp?tp=&arnumber=6167190"
}

@article{CMAirTurbine,
	author = "A. Bansal and D. A. Howey and A. S. Holmes",
	title = "CM-Scale Air Turbine and Generator for Energy Harvesting from Low-Speed Flows",
	journal = "Tranducers",
	address = "Denver, CO, USA"
	year = "2009",
	month = "June",
	pages = "529-532",
	notes = "http://ieeexplore.ieee.org/stamp/stamp.jsp?tp=&arnumber=5285378"
}

article{,
	author = "",
	title = "",
	journal = "",
	volume = "",
	number = "",
	year = "",
	month = "",
	notes = ""
}

article{,
	author = "",
	title = "",
	journal = "",
	volume = "",
	number = "",
	year = "",
	month = "",
	notes = ""
}

article{,
	author = "",
	title = "",
	journal = "",
	volume = "",
	number = "",
	year = "",
	month = "",
	notes = ""
}

article{,
	author = "",
	title = "",
	journal = "",
	volume = "",
	number = "",
	year = "",
	month = "",
	notes = ""
}

article{,
	author = "",
	title = "",
	journal = "",
	volume = "",
	number = "",
	year = "",
	month = "",
	notes = ""
}

article{,
	author = "",
	title = "",
	journal = "",
	volume = "",
	number = "",
	year = "",
	month = "",
	notes = ""
}

article{,
	author = "",
	title = "",
	journal = "",
	volume = "",
	number = "",
	year = "",
	month = "",
	notes = ""
}

article{,
	author = "",
	title = "",
	journal = "",
	volume = "",
	number = "",
	year = "",
	month = "",
	notes = ""
}

article{,
	author = "",
	title = "",
	journal = "",
	volume = "",
	number = "",
	year = "",
	month = "",
	notes = ""
}

article{,
	author = "",
	title = "",
	journal = "",
	volume = "",
	number = "",
	year = "",
	month = "",
	notes = ""
}

article{,
	author = "",
	title = "",
	journal = "",
	volume = "",
	number = "",
	year = "",
	month = "",
	notes = ""
}

article{,
	author = "",
	title = "",
	journal = "",
	volume = "",
	number = "",
	year = "",
	month = "",
	notes = ""
}

article{,
	author = "",
	title = "",
	journal = "",
	volume = "",
	number = "",
	year = "",
	month = "",
	notes = ""
}

article{,
	author = "",
	title = "",
	journal = "",
	volume = "",
	number = "",
	year = "",
	month = "",
	notes = ""
}

article{,
	author = "",
	title = "",
	journal = "",
	volume = "",
	number = "",
	year = "",
	month = "",
	notes = ""
}

article{,
	author = "",
	title = "",
	journal = "",
	volume = "",
	number = "",
	year = "",
	month = "",
	notes = ""
}

article{,
	author = "",
	title = "",
	journal = "",
	volume = "",
	number = "",
	year = "",
	month = "",
	notes = ""
}
